
@book{raastad_styrketrening_2010,
	address = {Oslo},
	edition = {1},
	title = {Styrketrening: i teori og praksis},
	isbn = {978-82-05-38219-0},
	shorttitle = {Styrketrening},
	language = {nor},
	publisher = {Gyldendal Norsk forlag},
	author = {Raastad, Truls and {Paulsen, Gøran} and {Refsnes, Per Egil} and {Rønnestad, Bent R.} and {Wisnes, Alexander R.}},
	year = {2010},
	note = {OCLC: 769047031},
	keywords = {styrke},
}

@article{carpinelli_strength_1998,
	title = {Strength {Training}: {Single} {Versus} {Multiple} {Sets}},
	volume = {26},
	issn = {0112-1642},
	shorttitle = {Strength {Training}},
	url = {http://link.springer.com/10.2165/00007256-199826020-00002},
	doi = {10.2165/00007256-199826020-00002},
	language = {en},
	number = {2},
	urldate = {2023-11-09},
	journal = {Sports Medicine},
	author = {Carpinelli, Ralph N. and Otto, Robert M.},
	year = {1998},
	pages = {73--84},
}
